/home/onofrio/Dropbox/Lavoro/Bibliography/library.bib